@article{test_cite1,
  author  = { Khadka, S. and Daniel,  R.  },
  title   = {First paper publication},
  journal = {The journal of small papers},
  year    = 2013
}

@article{chen2020role,
  author  = {Chen, L. and Liu, Y.},
  title   = {The role of reputation systems in online service marketplaces},
  journal = {Journal of Management Information Systems},
  volume  = {37},
  number  = {3},
  pages   = {845--867},
  year    = {2020},
  doi     = {10.1080/07421222.2020.1774568}
}

@article{johnson2021impact,
  author  = {Johnson, M.},
  title   = {The impact of online platforms on architectural practice},
  journal = {Architectural Science Review},
  volume  = {64},
  number  = {5},
  pages   = {389--401},
  year    = {2021},
  doi     = {10.1080/00038628.2021.1932565}
}

@article{lee2022effect,
  author  = {Lee, S. and Kim, H.},
  title   = {The effect of project management tools on construction project performance},
  journal = {Journal of Construction Engineering and Management},
  volume  = {148},
  number  = {4},
  pages   = {04022015},
  year    = {2022},
  doi     = {10.1061/JCOEMD.CO.1943-7862.0002245}
}

@techreport{mckinsey2021digital,
  author      = {{McKinsey \& Company}},
  title       = {Digital transformation in construction: Putting the strategy into practice},
  year        = {2021},
  institution = {McKinsey \& Company},
  url         = {https://www.mckinsey.com/business-functions/operations/our-insights/digital-transformation-in-construction-putting-the-strategy-into-practice}
}

@article{patel2019economics,
  author  = {Patel, R.},
  title   = {The economics of online service platforms in the construction industry},
  journal = {Construction Management and Economics},
  volume  = {37},
  number  = {10},
  pages   = {567--582},
  year    = {2019},
  doi     = {10.1080/01446193.2019.1624568}
}

@article{smith2020rise,
  author  = {Smith, A.},
  title   = {The rise of service aggregation platforms: A comparative analysis},
  journal = {Journal of Business Research},
  volume  = {112},
  pages   = {456--465},
  year    = {2020},
  doi     = {10.1016/j.jbusres.2020.03.045}
}

@online{vercel2023nextjs,
  author = {{Vercel}},
  title  = {Next.js documentation},
  year   = {2023},
  url    = {https://nextjs.org/docs}
}

@techreport{wef2020shaping,
  author      = {{World Economic Forum}},
  title       = {Shaping the future of construction: Digital transformation in construction},
  institution = {World Economic Forum},
  year        = {2020},
  url         = {https://www.weforum.org/reports/shaping-the-future-of-construction-digital-transformation-in-construction}
}

// bibliography entries
@online{nielsen2018usability,
  author       = {Nielsen, J.},
  title        = {Usability 101: Introduction to usability},
  year         = {2018},
  url          = {https://www.nngroup.com/articles/usability-101-introduction-to-usability/},
  organization = {Nielsen Norman Group}
}

@online{socketio2024docs,
  author = {{Socket.IO}},
  title  = {Socket.IO documentation},
  year   = {2024},
  url    = {https://socket.io/docs/v4/}
}

@online{tailwindcss2024docs,
  author = {{Tailwind CSS}},
  title  = {Tailwind CSS documentation},
  year   = {2024},
  url    = {https://tailwindcss.com/docs}
}

@online{openai2024gpt4,
  author = {{OpenAI}},
  title  = {GPT-4 API Documentation},
  year   = {2024},
  url    = {https://platform.openai.com/docs}
}

@online{elevenlabs2024api,
  author = {{Eleven Labs}},
  title  = {Eleven Labs API Documentation},
  year   = {2024},
  url    = {https://www.elevenlabs.io/docs}
}

@online{bolt2024api,
  author = {{Bolt}},
  title  = {Bolt API Documentation},
  year   = {2024},
  url    = {https://bolt.com/docs}
}
